<?xml version="1.0" encoding="UTF-8"?><collection xmlns="http://www.loc.gov/MARC21/slim"><record><leader>00430nam--2200145-i-4500</leader><controlfield tag="001">000020826</controlfield><controlfield tag="002">20161230</controlfield><controlfield tag="005">20170113183858</controlfield><controlfield tag="008">060222s1000------------r-----000-0-eng-d</controlfield><datafield ind1=" " ind2=" " tag="080"><subfield code="a">061.62(520):001.891:621.384.634</subfield></datafield><datafield ind1=" " ind2=" " tag="245"><subfield code="a">Issp activity report of synchrotron radiation laboratory the Institute for Solid State Physics, Tokio</subfield></datafield><datafield ind1=" " ind2=" " tag="260"><subfield code="a">Tokio</subfield><subfield code="b">Issp</subfield><subfield code="c">1996</subfield></datafield><datafield ind1=" " ind2=" " tag="300"><subfield code="a">81 p</subfield></datafield><datafield ind1=" " ind2=" " tag="852"><subfield code="a">48656</subfield></datafield><datafield ind1=" " ind2=" " tag="CAT"><subfield code="a">SYS</subfield><subfield code="c">20170113</subfield><subfield code="h">183858</subfield></datafield></record></collection>